<record><leader>00000cas a22000007a 4500</leader><controlfield tag="001">12484431</controlfield><controlfield tag="008">850903d18751889inuwr ne      0    0eng d</controlfield><datafield ind1=" " ind2=" " tag="010"><subfield code="a">sn 85048050 </subfield></datafield><datafield ind1=" " ind2=" " tag="040"><subfield code="a">NPI</subfield><subfield code="b">eng</subfield><subfield code="c">NPI</subfield><subfield code="d">OCLCQ</subfield></datafield><datafield ind1=" " ind2=" " tag="042"><subfield code="a">msc</subfield></datafield><datafield ind1="0" ind2=" " tag="130"><subfield code="a">Madison weekly herald (Madison, Ind. : 1875)</subfield></datafield><datafield ind1="1" ind2="0" tag="245"><subfield code="a">Madison weekly herald.</subfield></datafield><datafield ind1=" " ind2=" " tag="260"><subfield code="a">Madison, Ind. :</subfield><subfield code="b">Lin. C. Jones</subfield></datafield><datafield ind1=" " ind2=" " tag="300"><subfield code="a">v. :</subfield><subfield code="b">ill. (chiefly advertisements) ;</subfield><subfield code="c">59-63 cm.</subfield></datafield><datafield ind1="1" ind2=" " tag="362"><subfield code="a">Began in 1875</subfield><subfield code="z">Cf. Miller, John W. Indiana newspaper bibliog.</subfield></datafield><datafield ind1="0" ind2=" " tag="362"><subfield code="a">-v. 19, no. 16 (Sept. 5, 1889).</subfield></datafield><datafield ind1=" " ind2=" " tag="500"><subfield code="a">Democratic Cf. Miller.</subfield></datafield><datafield ind1=" " ind2=" " tag="515"><subfield code="a">Continues the numbering of the "Madison weekly progress."</subfield></datafield><datafield ind1=" " ind2=" " tag="580"><subfield code="a">Published also in a semiweekly edition: Madison herald, and later in a daily edition, called 1885-188u Madison herald; 188u-Aug. 1889, Madison daily herald; Sept. 1889, Daily herald.</subfield></datafield><datafield ind1=" " ind2=" " tag="588"><subfield code="a">Description based on: Vol. 5, no. 33 (Dec. 30, 1875).</subfield></datafield><datafield ind1=" " ind2=" " tag="752"><subfield code="a">United States</subfield><subfield code="b">Indiana</subfield><subfield code="c">Jefferson</subfield><subfield code="d">Madison.</subfield></datafield><datafield ind1="1" ind2=" " tag="775"><subfield code="t">Madison herald (Madison, Ind. : Semiweekly)</subfield><subfield code="w">(DLC)sn 85048051</subfield></datafield><datafield ind1="1" ind2=" " tag="775"><subfield code="t">Madison herald (Madison, Ind. : Daily)</subfield><subfield code="w">(DLC)sn 85048055</subfield></datafield><datafield ind1="1" ind2=" " tag="775"><subfield code="t">Madison daily herald (Madison, Ind. : 1889)</subfield><subfield code="w">(DLC)sn 86058029</subfield></datafield><datafield ind1="1" ind2=" " tag="775"><subfield code="t">Daily herald (Madison, Ind.)</subfield><subfield code="w">(DLC)sn 85048056</subfield></datafield><datafield ind1="0" ind2="0" tag="780"><subfield code="t">Madison weekly progress</subfield><subfield code="w">(DLC)sn 85048047</subfield></datafield><datafield ind1="0" ind2="0" tag="785"><subfield code="t">Weekly herald (Madison, Ind. : 1889)</subfield><subfield code="w">(DLC)sn 85048052</subfield></datafield><datafield ind1="1" ind2=" " tag="029"><subfield code="a">AU@</subfield><subfield code="b">000025840443</subfield></datafield></record>